@misc{urlresearchgate,
  author = {Matthias Bönisch},
  year = {2014 (accessed March 1, 2020)},
  month = {Oct}, 
  publisher = {Research Gate},
  howpublished = "\url{https://www.researchgate.net/post/Is_anyone_familiar_with_the_Vegards_Law}",
}
%----------------------------------------------------
@misc{urlchemlibretexts,
  author = {Christopher Spohrer, Christina Breitenbuecher \& Luvleen Brar},
  title = {Oxidation-Reduction Reactions},
  year = {2019 (accessed March 1, 2020)},
  month = {Jun},
  publisher = {Chemistry LibreTexts},
  howpublished = "\url{https://chem.libretexts.org/Bookshelves/Analytical_Chemistry/Supplemental_Modules_(Analytical_Chemistry)/Electrochemistry/Redox_Chemistry/Oxidation-Reduction_Reactions}",
}
%------------------------------------------
@misc{urlcsgdt,
  author = {Jeremy Karl Cockcroft},
  title = {A Hypertext Book of
Crystallographic Space Group
Diagrams and Tables},
  year = {1997 (accessed March 19, 2020)},
  month = {Jun},
  publisher = {Birkbeck College, University of London.},
  howpublished = "\url{http://img.chem.ucl.ac.uk/sgp/mainmenu.htm}",
}
%----------------------------------------------------
@misc{urlchemlibretextsI,
  author = {the Department of Education Open Textbook Pilot Project},
  title = { Symmetry operation },
  year = {2019 (accessed March 21, 2020)},
  month = {Jun},
  publisher = {Chemistry LibreTexts},
  howpublished = "\url{https://chem.libretexts.org/Bookshelves/Inorganic_Chemistry/Modules_and_Websites_(Inorganic_Chemistry)/Crystallography/Fundamental_Crystallography/Symmetry_operation}",
}
%----------------------------------------------------
@book{CSD,
    title = {Crystal Structure Determination},
    author = {Werner Massa},
    isbn = {978-3-662-04248-9},
    series = {Springer  Science},
    chapter = {11.2.1},
    year = {2000},
    publisher = {Springer},
    keywords = {physics, crystal, SOD},
}
%----------------------------------------------------
@book{FoCI,
    title = {Fundametals of Crystallographic},
    author = {Carmelo Giacovazzo, Hugo Luis Monaco},
    isbn = { 978-0199573660},
    series = {International Union of Crystallography Texts on Crystallography},
    chapter = {Appendix 1.A},
    year = {2011},
    publisher = {Oxford Press University},
    keywords = {physics, crystal, isometric},
}
%----------------------------------------------------------------
@misc{urlBlasLapack,
  author = {Ahmad Zareei},
  title = {How to install Lapack \& Blas on linux?},
  year = { (accessed April 12, 2020)},
  month = {},
  publisher = {Ahmad Zareei
Postdoctoral Fellow in Applied Mathematics,
School of Engineering and Applied Sciences,
Harvard University, Cambridge, MA},
  howpublished = "\url{https://ahmadzareei.githugithubb.io/azareei/linux/2016/04/08/configuring-blas-lapack.html}",
}
%%%%%%%%%%%%%%%%%%%%%%%%%%%%%%%%%%%%%%%%%%%%%%%%%%5
@phdthesis{Rossell2012Auth,
    title    = {\href{http://hdl.handle.net/10803/3186}{Nuevos oxinitruros laminares de niobio y
tántalo y sistemas relacionados:
Síntesis, cristaloquímica y estructura electrónica}},
    school   = {Universidad Autonoma de Barcelona},
    author   = {Rossell, Gerard},
    year     = {2004},
    type     = {{PhD} thesis},
}
%%%%%%%%%%%%%%%%%%%%%%%%%%%%
@misc{urlwikivasp,
  author = {},
  title = {Category:INCAR},
  year = { (accessed May 15, 2020)},
  month = {},
  publisher = {VASP wiki},
  howpublished = "\url{https://www.vasp.at/wiki/index.php/Category:INCAR}",
}
%%%%%%%%%%%%%%%%%%%%%%%%%%%%
@misc{urlvasp,
  author = {VASP},
  title = {Vienna ab-initio simulation package: VASP the guide},
  year = { (accessed May 15, 2020)},
  month = {},
  publisher = {VASP},
  howpublished = "\url{https://cms.mpi.univie.ac.at/vasp/vasp/vasp.html}",
}
%%%%%%%%%%%%%%%%%%%%%%%%%%%%
@misc{urlwikiguane,
  author = {SC3-UIS},
  title = {Supercomputación y cálculo científico: Wiki SC3},
  year = { (accessed May 9, 2020)},
  month = {},
  publisher = {Supercomputació y Cálculo científico UIS},
  howpublished = "\url{http://wiki.sc3.uis.edu.co/index.php/Wiki_SC3}",
}
%----------------------------------------------------------------
@phdthesis{ACGarcia2016phd,
    title    = {\href{http://hdl.handle.net/2268/195894}{Study and characterization of magnetic and multiferroic materials by first-principle calculations}},
    school   = {Université de Liège\\
Centro de Investigación y de Estudios Avanzados IPN
},
    author   = {Andrés Camilo García Castro},
    year     = {2016},
    type     = {{PhD} thesis},
}
%%%%%%%%%%
@misc{urlp4vasp,
  author = {Orest Dubay},
  title = {P4VASP},
  year = { (accessed July 06, 2020)},
  month = {},
  publisher = {2017 Orest Dubay},
  howpublished = "\url{http://www.p4vasp.at/#/}",
}
%%%%%%%%%%%%%%%%%%%%%%%%%%%%%%%%%%5
@misc{urlposcar2cif,
  author = { Harold T. Stokes,  Maksim Rakitin},
  title = {POSCAR2CIF},
  year = { (accessed July 19, 2020)},
  month = {Dic},
  publisher = {2015},
  howpublished = "\url{http://han.ess.sunysb.edu/poscar2cif/#end}",
}
%%%%%%%%%%%%%%%%%%%%%%%%%%%%%%%%%%5
@misc{acgarcia15july,
  author = { Andres Camilo Garcia},
  title = {Private conversation},
  year = { July 15, 2020},
}
%%%%%%%%%%%%%%%%%%%%%%%%%%%%%%%%%%5
@misc{acgarcia22july,
  author = { Andres Camilo Garcia},
  title = {Private conversation},
  year = { July 22, 2020},
}
